% Examples from https://verbosus.com/bibtex-style-examples.html
@book{AIAMA,
  author    = {Russell, Stuart and Norvig, Peter},
  title     = {Artificial Intelligence: A Modern Approach},
  year      = {2009},
  isbn      = {0136042597},
  publisher = {Prentice Hall Press},
  address   = {USA},
  edition   = {3rd},
  abstract  = {The long-anticipated revision of this #1 selling book offers the most comprehensive, state of the art introduction to the theory and practice of artificial intelligence for modern applications. Intelligent Agents. Solving Problems by Searching. Informed Search Methods. Game Playing. Agents that Reason Logically. First-order Logic. Building a Knowledge Base. Inference in First-Order Logic. Logical Reasoning Systems. Practical Planning. Planning and Acting. Uncertainty. Probabilistic Reasoning Systems. Making Simple Decisions. Making Complex Decisions. Learning from Observations. Learning with Neural Networks. Reinforcement Learning. Knowledge in Learning. Agents that Communicate. Practical Communication in English. Perception. Robotics. For computer professionals, linguists, and cognitive scientists interested in artificial intelligence.}
}

@book{Sutton1998,
  added-at  = {2019-07-13T10:11:53.000+0200},
  author    = {Sutton, Richard S. and Barto, Andrew G.},
  biburl    = {https://www.bibsonomy.org/bibtex/2f46601cf8b13d39d1378af0d79438b12/lanteunis},
  edition   = {Second},
  interhash = {ac6b144aaec1819919a2fba9f705c852},
  intrahash = {f46601cf8b13d39d1378af0d79438b12},
  keywords  = {},
  publisher = {The MIT Press},
  timestamp = {2019-07-13T10:11:53.000+0200},
  title     = {Reinforcement Learning: An Introduction},
  url       = {http://incompleteideas.net/book/the-book-2nd.html},
  year      = {2018 }
}

@misc{hyde,
  title         = {Precise Zero-Shot Dense Retrieval without Relevance Labels},
  author        = {Luyu Gao and Xueguang Ma and Jimmy Lin and Jamie Callan},
  year          = {2022},
  eprint        = {2212.10496},
  archiveprefix = {arXiv},
  primaryclass  = {cs.IR},
  url           = {https://arxiv.org/abs/2212.10496}
}

@misc{rag-cossim,
  title         = {Retrieval-Augmented Generation for Knowledge-Intensive NLP Tasks},
  author        = {Patrick Lewis and Ethan Perez and Aleksandra Piktus and Fabio Petroni and Vladimir Karpukhin and Naman Goyal and Heinrich Küttler and Mike Lewis and Wen-tau Yih and Tim Rocktäschel and Sebastian Riedel and Douwe Kiela},
  year          = {2021},
  eprint        = {2005.11401},
  archiveprefix = {arXiv},
  primaryclass  = {cs.CL},
  url           = {https://arxiv.org/abs/2005.11401}
}

@inproceedings{tot,
  author    = {Yao, Shunyu and Yu, Dian and Zhao, Jeffrey and Shafran, Izhak and Griffiths, Tom and Cao, Yuan and Narasimhan, Karthik},
  booktitle = {Advances in Neural Information Processing Systems},
  editor    = {A. Oh and T. Naumann and A. Globerson and K. Saenko and M. Hardt and S. Levine},
  pages     = {11809--11822},
  publisher = {Curran Associates, Inc.},
  title     = {Tree of Thoughts: Deliberate Problem Solving with Large Language Models},
  url       = {https://proceedings.neurips.cc/paper_files/paper/2023/file/271db9922b8d1f4dd7aaef84ed5ac703-Paper-Conference.pdf},
  volume    = {36},
  year      = {2023}
}

@misc{zeroshot-cot,
  title         = {Large Language Models are Zero-Shot Reasoners},
  author        = {Takeshi Kojima and Shixiang Shane Gu and Machel Reid and Yutaka Matsuo and Yusuke Iwasawa},
  year          = {2023},
  eprint        = {2205.11916},
  archiveprefix = {arXiv},
  primaryclass  = {cs.CL},
  url           = {https://arxiv.org/abs/2205.11916}
}

@misc{agentlaboratory,
  title         = {Agent Laboratory: Using LLM Agents as Research Assistants},
  author        = {Samuel Schmidgall and Yusheng Su and Ze Wang and Ximeng Sun and Jialian Wu and Xiaodong Yu and Jiang Liu and Zicheng Liu and Emad Barsoum},
  year          = {2025},
  eprint        = {2501.04227},
  archiveprefix = {arXiv},
  primaryclass  = {cs.HC},
  url           = {https://arxiv.org/abs/2501.04227}
}

@misc{DataInterpreter,
  title         = {Data Interpreter: An LLM Agent For Data Science},
  author        = {Sirui Hong and Yizhang Lin and Bang Liu and Bangbang Liu and Binhao Wu and Ceyao Zhang and Chenxing Wei and Danyang Li and Jiaqi Chen and Jiayi Zhang and Jinlin Wang and Li Zhang and Lingyao Zhang and Min Yang and Mingchen Zhuge and Taicheng Guo and Tuo Zhou and Wei Tao and Xiangru Tang and Xiangtao Lu and Xiawu Zheng and Xinbing Liang and Yaying Fei and Yuheng Cheng and Zhibin Gou and Zongze Xu and Chenglin Wu},
  year          = {2024},
  eprint        = {2402.18679},
  archiveprefix = {arXiv},
  primaryclass  = {cs.AI},
  url           = {https://arxiv.org/abs/2402.18679}
}

@misc{aiscientist,
  title         = {The AI Scientist: Towards Fully Automated Open-Ended Scientific Discovery},
  author        = {Chris Lu and Cong Lu and Robert Tjarko Lange and Jakob Foerster and Jeff Clune and David Ha},
  year          = {2024},
  eprint        = {2408.06292},
  archiveprefix = {arXiv},
  primaryclass  = {cs.AI},
  url           = {https://arxiv.org/abs/2408.06292}
}

@article{mcp_survey,
  title     = {A Survey on Model Context Protocol: Architecture, State-of-the-art, Challenges and Future Directions},
  url       = {http://dx.doi.org/10.36227/techrxiv.174495492.22752319/v1},
  doi       = {10.36227/techrxiv.174495492.22752319/v1},
  publisher = {Institute of Electrical and Electronics Engineers (IEEE)},
  author    = {Ray, Partha Pratim},
  year      = {2025},
  month     = apr
}

@misc{plaandsolve,
  title         = {Plan-and-Solve Prompting: Improving Zero-Shot Chain-of-Thought Reasoning by Large Language Models},
  author        = {Lei Wang and Wanyu Xu and Yihuai Lan and Zhiqiang Hu and Yunshi Lan and Roy Ka-Wei Lee and Ee-Peng Lim},
  year          = {2023},
  eprint        = {2305.04091},
  archiveprefix = {arXiv},
  primaryclass  = {cs.CL},
  url           = {https://arxiv.org/abs/2305.04091}
}

@misc{aide,
  title         = {AIDE: AI-Driven Exploration in the Space of Code},
  author        = {Zhengyao Jiang and Dominik Schmidt and Dhruv Srikanth and Dixing Xu and Ian Kaplan and Deniss Jacenko and Yuxiang Wu},
  year          = {2025},
  eprint        = {2502.13138},
  archiveprefix = {arXiv},
  primaryclass  = {cs.AI},
  url           = {https://arxiv.org/abs/2502.13138}
}

@article{codeact,
  title   = {Executable Code Actions Elicit Better LLM Agents},
  author  = {Xingyao Wang and Yangyi Chen and Lifan Yuan and Yizhe Zhang and Yunzhu Li and Hao Peng and Heng Ji},
  journal = {ArXiv},
  year    = {2024},
  volume  = {abs/2402.01030},
  url     = {https://api.semanticscholar.org/CorpusID:267406155}
}

@article{react,
  title   = {ReAct: Synergizing Reasoning and Acting in Language Models},
  author  = {Shunyu Yao and Jeffrey Zhao and Dian Yu and Nan Du and Izhak Shafran and Karthik Narasimhan and Yuan Cao},
  journal = {ArXiv},
  year    = {2022},
  volume  = {abs/2210.03629},
  url     = {https://api.semanticscholar.org/CorpusID:252762395}
}

@misc{bad_auto_planning,
  title         = {On the Planning Abilities of Large Language Models (A Critical Investigation with a Proposed Benchmark)},
  author        = {Karthik Valmeekam and Sarath Sreedharan and Matthew Marquez and Alberto Olmo and Subbarao Kambhampati},
  year          = {2023},
  eprint        = {2302.06706},
  archiveprefix = {arXiv},
  primaryclass  = {cs.AI},
  url           = {https://arxiv.org/abs/2302.06706}
}

@misc{deepseekr1,
  title         = {DeepSeek-R1: Incentivizing Reasoning Capability in LLMs via Reinforcement Learning},
  author        = {DeepSeek-AI and Daya Guo and Dejian Yang and Haowei Zhang and Junxiao Song and Ruoyu Zhang and Runxin Xu and Qihao Zhu and Shirong Ma and Peiyi Wang and Xiao Bi and Xiaokang Zhang and Xingkai Yu and Yu Wu and Z. F. Wu and Zhibin Gou and Zhihong Shao and Zhuoshu Li and Ziyi Gao and Aixin Liu and Bing Xue and Bingxuan Wang and Bochao Wu and Bei Feng and Chengda Lu and Chenggang Zhao and Chengqi Deng and Chenyu Zhang and Chong Ruan and Damai Dai and Deli Chen and Dongjie Ji and Erhang Li and Fangyun Lin and Fucong Dai and Fuli Luo and Guangbo Hao and Guanting Chen and Guowei Li and H. Zhang and Han Bao and Hanwei Xu and Haocheng Wang and Honghui Ding and Huajian Xin and Huazuo Gao and Hui Qu and Hui Li and Jianzhong Guo and Jiashi Li and Jiawei Wang and Jingchang Chen and Jingyang Yuan and Junjie Qiu and Junlong Li and J. L. Cai and Jiaqi Ni and Jian Liang and Jin Chen and Kai Dong and Kai Hu and Kaige Gao and Kang Guan and Kexin Huang and Kuai Yu and Lean Wang and Lecong Zhang and Liang Zhao and Litong Wang and Liyue Zhang and Lei Xu and Leyi Xia and Mingchuan Zhang and Minghua Zhang and Minghui Tang and Meng Li and Miaojun Wang and Mingming Li and Ning Tian and Panpan Huang and Peng Zhang and Qiancheng Wang and Qinyu Chen and Qiushi Du and Ruiqi Ge and Ruisong Zhang and Ruizhe Pan and Runji Wang and R. J. Chen and R. L. Jin and Ruyi Chen and Shanghao Lu and Shangyan Zhou and Shanhuang Chen and Shengfeng Ye and Shiyu Wang and Shuiping Yu and Shunfeng Zhou and Shuting Pan and S. S. Li and Shuang Zhou and Shaoqing Wu and Shengfeng Ye and Tao Yun and Tian Pei and Tianyu Sun and T. Wang and Wangding Zeng and Wanjia Zhao and Wen Liu and Wenfeng Liang and Wenjun Gao and Wenqin Yu and Wentao Zhang and W. L. Xiao and Wei An and Xiaodong Liu and Xiaohan Wang and Xiaokang Chen and Xiaotao Nie and Xin Cheng and Xin Liu and Xin Xie and Xingchao Liu and Xinyu Yang and Xinyuan Li and Xuecheng Su and Xuheng Lin and X. Q. Li and Xiangyue Jin and Xiaojin Shen and Xiaosha Chen and Xiaowen Sun and Xiaoxiang Wang and Xinnan Song and Xinyi Zhou and Xianzu Wang and Xinxia Shan and Y. K. Li and Y. Q. Wang and Y. X. Wei and Yang Zhang and Yanhong Xu and Yao Li and Yao Zhao and Yaofeng Sun and Yaohui Wang and Yi Yu and Yichao Zhang and Yifan Shi and Yiliang Xiong and Ying He and Yishi Piao and Yisong Wang and Yixuan Tan and Yiyang Ma and Yiyuan Liu and Yongqiang Guo and Yuan Ou and Yuduan Wang and Yue Gong and Yuheng Zou and Yujia He and Yunfan Xiong and Yuxiang Luo and Yuxiang You and Yuxuan Liu and Yuyang Zhou and Y. X. Zhu and Yanhong Xu and Yanping Huang and Yaohui Li and Yi Zheng and Yuchen Zhu and Yunxian Ma and Ying Tang and Yukun Zha and Yuting Yan and Z. Z. Ren and Zehui Ren and Zhangli Sha and Zhe Fu and Zhean Xu and Zhenda Xie and Zhengyan Zhang and Zhewen Hao and Zhicheng Ma and Zhigang Yan and Zhiyu Wu and Zihui Gu and Zijia Zhu and Zijun Liu and Zilin Li and Ziwei Xie and Ziyang Song and Zizheng Pan and Zhen Huang and Zhipeng Xu and Zhongyu Zhang and Zhen Zhang},
  year          = {2025},
  eprint        = {2501.12948},
  archiveprefix = {arXiv},
  primaryclass  = {cs.CL},
  url           = {https://arxiv.org/abs/2501.12948}
}

@misc{rl-star,
  title         = {RL-STaR: Theoretical Analysis of Reinforcement Learning Frameworks for Self-Taught Reasoner},
  author        = {Fu-Chieh Chang and Yu-Ting Lee and Hui-Ying Shih and Yi Hsuan Tseng and Pei-Yuan Wu},
  year          = {2025},
  eprint        = {2410.23912},
  archiveprefix = {arXiv},
  primaryclass  = {cs.AI},
  url           = {https://arxiv.org/abs/2410.23912}
}

@online{chatml,
  title       = {Chat markup language chatml (preview)},
  url         = {https://learn.microsoft.com/en-us/azure/ai-services/openai/how-to/chat-markup-language},
  urldate     = {2025-04-30},
  hyphenation = {english}
}

@online{mcp-docs,
  title       = {ModelContextProtocol - official documentation},
  url         = {https://modelcontextprotocol.io/introduction},
  urldate     = {2025-04-30},
  hyphenation = {english}
}

@online{pae_native,
  title       = {Plan and execute - implementation on LangGraph},
  url         = {https://langchain-ai.github.io/langgraph/tutorials/plan-and-execute/plan-and-execute/},
  urldate     = {2025-04-30},
  hyphenation = {english}
}

@online{google_pydoc,
  title       = {Google Python Style Guide},
  url         = {https://google.github.io/styleguide/pyguide.html},
  urldate     = {2025-05-01},
  hyphenation = {english}
}

@online{streamlit,
  title       = {Streamlit - documentation},
  url         = {https://docs.streamlit.io/},
  urldate     = {2025-05-02},
  hyphenation = {english}
}

@online{langsmith,
  title       = {LangSmith - documentation},
  url         = {https://docs.smith.langchain.com/},
  urldate     = {2025-05-02},
  hyphenation = {english}
}

@online{langchain,
  title       = {LangChain - documentation},
  url         = {https://python.langchain.com/docs/introduction/},
  urldate     = {2025-05-02},
  hyphenation = {english}
}

@online{langgraph,
  title       = {LangGraph - documentation},
  url         = {https://langchain-ai.github.io/langgraph/tutorials/introduction/},
  urldate     = {2025-05-02},
  hyphenation = {english}
}

@inproceedings{attn_need,
  author    = {Vaswani, Ashish and Shazeer, Noam and Parmar, Niki and Uszkoreit, Jakob and Jones, Llion and Gomez, Aidan N and Kaiser, \L ukasz and Polosukhin, Illia},
  booktitle = {Advances in Neural Information Processing Systems},
  editor    = {I. Guyon and U. Von Luxburg and S. Bengio and H. Wallach and R. Fergus and S. Vishwanathan and R. Garnett},
  pages     = {},
  publisher = {Curran Associates, Inc.},
  title     = {Attention is All you Need},
  url       = {https://proceedings.neurips.cc/paper_files/paper/2017/file/3f5ee243547dee91fbd053c1c4a845aa-Paper.pdf},
  volume    = {30},
  year      = {2017}
}

@misc{cached_kv,
  title         = {Keep the Cost Down: A Review on Methods to Optimize LLM' s KV-Cache Consumption},
  author        = {Luohe Shi and Hongyi Zhang and Yao Yao and Zuchao Li and Hai Zhao},
  year          = {2024},
  eprint        = {2407.18003},
  archiveprefix = {arXiv},
  primaryclass  = {cs.CL},
  url           = {https://arxiv.org/abs/2407.18003}
}

@inproceedings{pte,
  series     = {CHI ’25},
  title      = {Plan-Then-Execute: An Empirical Study of User Trust and Team Performance When Using LLM Agents As A Daily Assistant},
  url        = {http://dx.doi.org/10.1145/3706598.3713218},
  doi        = {10.1145/3706598.3713218},
  booktitle  = {Proceedings of the 2025 CHI Conference on Human Factors in Computing Systems},
  publisher  = {ACM},
  author     = {He, Gaole and Demartini, Gianluca and Gadiraju, Ujwal},
  year       = {2025},
  month      = apr,
  pages      = {1–22},
  collection = {CHI ’25}
}

@online{mcp-servers,
  title       = {ModelContextProtocol - available public servers},
  url         = {https://github.com/modelcontextprotocol/servers},
  urldate     = {2025-04-30},
  hyphenation = {english}
}

@article{pixtral,
  title   = {Pixtral 12B},
  author  = {Pravesh Agrawal and Szymon Antoniak and Emma Bou Hanna and Devendra Singh Chaplot and Jessica Chudnovsky and Saurabh Garg and Th{\'e}ophile Gervet and Soham Ghosh and Am'elie H'eliou and Paul Jacob and Albert Q. Jiang and Timoth{\'e}e Lacroix and Guillaume Lample and Diego de Las Casas and Thibaut Lavril and Teven Le Scao and Andy Lo and William Marshall and Louis Martin and Arthur Mensch and Pavankumar Reddy Muddireddy and Valera Nemychnikova and Marie Pellat and Patrick von Platen and Nikhil Raghuraman and Bap-tiste Rozi{\`e}re and Alexandre Sablayrolles and Lucile Saulnier and Ro-main Sauvestre and Wendy Shang and Roman Soletskyi and Lawrence Stewart and Pierre Stock and Joachim Studnia and Sandeep Subramanian and Sagar Vaze and Thomas Wang},
  journal = {ArXiv},
  year    = {2024},
  volume  = {abs/2410.07073},
  url     = {https://api.semanticscholar.org/CorpusID:273229118}
}

@misc{vlm_in_charts,
  title         = {Unraveling the Truth: Do VLMs really Understand Charts? A Deep Dive into Consistency and Robustness},
  author        = {Srija Mukhopadhyay and Adnan Qidwai and Aparna Garimella and Pritika Ramu and Vivek Gupta and Dan Roth},
  year          = {2024},
  eprint        = {2407.11229},
  archiveprefix = {arXiv},
  primaryclass  = {cs.CL},
  url           = {https://arxiv.org/abs/2407.11229}
}

@article{alphafold3,
author = {Abramson, Josh and Adler, Jonas and Dunger, Jack and Evans, Richard and Green, Tim and Pritzel, Alexander and Ronneberger, Olaf and Willmore, Lindsay and Ballard, Andrew and Bambrick, Joshua and Bodenstein, Sebastian and Evans, David and Hung, Chia-Chun and O’Neill, Michael and Reiman, David and Tunyasuvunakool, Kathryn and Wu, Zachary and Žemgulytė, Akvilė and Arvaniti, Eirini and Jumper, John},
year = {2024},
month = {05},
pages = {493-500},
title = {Accurate structure prediction of biomolecular interactions with AlphaFold 3},
volume = {630},
journal = {Nature},
doi = {10.1038/s41586-024-07487-w}
}

%% ------- examples ---------